<?xml version="1.0" encoding="UTF-8"?><collection xmlns="http://www.loc.gov/MARC21/slim"><record><leader>00444nam--2200133-i-4500</leader><controlfield tag="001">000010918</controlfield><controlfield tag="002">20161230</controlfield><controlfield tag="005">20161230201029</controlfield><controlfield tag="008">060222s1000------------r-----000-0-eng-d</controlfield><datafield ind1=" " ind2=" " tag="080"><subfield code="a">519.1:621.372</subfield></datafield><datafield ind1=" " ind2=" " tag="100"><subfield code="a">Balabanian, Norman, Bickart, Theodor A</subfield></datafield><datafield ind1=" " ind2=" " tag="245"><subfield code="a">Teoria moderna a circuitelor (retelelor). trad ucere din literatura americana cu contributii ale lui sundaram seshu</subfield></datafield><datafield ind1=" " ind2=" " tag="260"><subfield code="a">Bucuresti, Editura Tehnica, 1974, 902 P</subfield></datafield><datafield ind1=" " ind2=" " tag="852"><subfield code="a">40227</subfield></datafield></record></collection>